@article{binkert2011gem5,
  title={The gem5 simulator},
  author={Binkert, Nathan and Beckmann, Bradford and Black, Gabriel and Reinhardt, Steven K and Saidi, Ali and Basu, Arkaprava and Hestness, Joel and Hower, Derek R and Krishna, Tushar and Sardashti, Somayeh and others},
  journal={ACM SIGARCH Computer Architecture News},
  volume={39},
  number={2},
  pages={1--7},
  year={2011},
  publisher={ACM}
}

@article{dal2005previsao,
  title={Previs{\~a}o de desvios em arquiteturas multitarefas simult{\^a}neas},
  author={Dal Pizzol, Guilherme},
  year={2005}
}

@inproceedings{lee1997bi,
  title={The bi-mode branch predictor},
  author={Lee, Chih-Chieh and Chen, I-Cheng K and Mudge, Trevor N},
  booktitle={Proceedings of the 30th annual ACM/IEEE international symposium on Microarchitecture},
  pages={4--13},
  year={1997},
  organization={IEEE Computer Society}
}

@article{seznec2007256,
  title={A 256 kbits l-tage branch predictor},
  author={Seznec, Andr{\'e}},
  journal={Journal of Instruction-Level Parallelism (JILP) Special Issue: The Second Championship Branch Prediction Competition (CBP-2)},
  volume={9},
  pages={1--6},
  year={2007}
}

@book{Patterson:1990:CAQ:77493,
 author = {Patterson, David A. and Hennessy, John L.},
 title = {Computer Architecture: A Quantitative Approach},
 year = {1990},
 isbn = {1-55880-069-8},
 publisher = {Morgan Kaufmann Publishers Inc.},
 address = {San Francisco, CA, USA},
} 

@inproceedings{Smith:1981:SBP:800052.801871,
 author = {Smith, James E.},
 title = {A Study of Branch Prediction Strategies},
 booktitle = {Proceedings of the 8th Annual Symposium on Computer Architecture},
 series = {ISCA '81},
 year = {1981},
 location = {Minneapolis, Minnesota, USA},
 pages = {135--148},
 numpages = {14},
 url = {http://dl.acm.org/citation.cfm?id=800052.801871},
 acmid = {801871},
 publisher = {IEEE Computer Society Press},
 address = {Los Alamitos, CA, USA},
} 